<record><leader>02882cam a2200457 i 45 0</leader><controlfield tag="001">6861320</controlfield><controlfield tag="003">OCoLC</controlfield><controlfield tag="005">20150310164125.0</controlfield><controlfield tag="006">m    |o  d |      </controlfield><controlfield tag="007">cr*|||||||||||</controlfield><controlfield tag="008">141128s2015    nyu     ob    001 0 eng  </controlfield><datafield ind1=" " ind2=" " tag="010"><subfield code="a">  2014046528</subfield></datafield><datafield ind1="7" ind2=" " tag="016"><subfield code="a">101647360</subfield><subfield code="2">DNLM</subfield></datafield><datafield ind1=" " ind2=" " tag="020"><subfield code="a">9780071816984</subfield><subfield code="q">(alk. paper)</subfield></datafield><datafield ind1=" " ind2=" " tag="020"><subfield code="a">0071816984</subfield><subfield code="q">(alk. paper)</subfield></datafield><datafield ind1=" " ind2=" " tag="035"><subfield code="a">ocn904706267</subfield></datafield><datafield ind1=" " ind2=" " tag="040"><subfield code="a">DNLM/DLC</subfield><subfield code="b">eng</subfield><subfield code="e">rda</subfield><subfield code="c">DLC</subfield><subfield code="d">NLM</subfield><subfield code="d">BTCTA</subfield><subfield code="d">BDX</subfield><subfield code="d">OCLCQ</subfield><subfield code="d">OCLCO</subfield><subfield code="d">AEU</subfield></datafield><datafield ind1=" " ind2=" " tag="042"><subfield code="a">pcc</subfield></datafield><datafield ind1=" " ind2=" " tag="043"><subfield code="a">n-us---</subfield></datafield><datafield ind1="0" ind2="0" tag="050"><subfield code="a">RA410</subfield></datafield><datafield ind1="1" ind2="0" tag="060"><subfield code="a">W 84 AA1</subfield></datafield><datafield ind1="0" ind2="4" tag="082"><subfield code="a">338.4/73621</subfield></datafield><datafield ind1=" " ind2=" " tag="090"><subfield code="a">Internet Access</subfield><subfield code="b">AEU</subfield></datafield><datafield ind1="0" ind2="0" tag="245"><subfield code="a">Understanding value-based healthcare</subfield><subfield code="h">[electronic resource] /</subfield><subfield code="c">editors, Christopher Moriates, Vineet Arora, Neel Shah.</subfield></datafield><datafield ind1=" " ind2="1" tag="264"><subfield code="a">New York :</subfield><subfield code="b">McGraw-Hill,</subfield><subfield code="c">2015.</subfield></datafield><datafield ind1=" " ind2=" " tag="300"><subfield code="a">1 online resource.</subfield></datafield><datafield ind1=" " ind2=" " tag="336"><subfield code="a">text</subfield><subfield code="2">rdacontent</subfield></datafield><datafield ind1=" " ind2=" " tag="337"><subfield code="a">computer</subfield><subfield code="2">rdamedia</subfield></datafield><datafield ind1=" " ind2=" " tag="338"><subfield code="a">online resource</subfield><subfield code="2">rdacarrier</subfield></datafield><datafield ind1=" " ind2=" " tag="504"><subfield code="a">Includes bibliographical references and index.</subfield></datafield><datafield ind1="0" ind2=" " tag="505"><subfield code="a">The current state of healthcare costs and waste in the United States -- Medical coverage in the United States -- The challenges of understanding healthcare pricing -- Defining value : connecting quality and safety to the costs of care -- A changing landscape : cost consciousness and value in healthcare delivery -- Ethics of cost conscious care -- The importance of zip codes and genetic codes : variation in resource utilization -- Stents, robots, and the role of technology diffusion -- Primary care shortage crisis : lost opportunities to deliver value / David Margolius and Andrew Morris-Singer -- Barriers to providing high-value care / Daisy Smith and Steven Weinberger -- Building a pipeline for change : teaching about cost awareness and evidence-based medicine -- The role of patients : shared decision making, e-patients, and consumer directed healthcare -- High-value medication prescribing -- Screening and prevention : balancing benefits with harms and costs -- Shifting incentives : moving reimbursement from volume to value -- Implementing value-based initiatives : a new challenge for clinicians and healthcare systems.</subfield></datafield><datafield ind1=" " ind2=" " tag="506"><subfield code="a">Access restricted to authorized users and institutions.</subfield></datafield><datafield ind1=" " ind2=" " tag="596"><subfield code="a">44</subfield></datafield><datafield ind1="1" ind2="2" tag="650"><subfield code="a">Delivery of Health Care</subfield><subfield code="x">economics</subfield><subfield code="z">United States</subfield><subfield code="v">Case Reports.</subfield></datafield><datafield ind1="2" ind2="2" tag="650"><subfield code="a">Costs and Cost Analysis</subfield><subfield code="z">United States</subfield><subfield code="v">Case Reports.</subfield></datafield><datafield ind1="2" ind2="2" tag="650"><subfield code="a">Economics, Medical</subfield><subfield code="z">United States</subfield><subfield code="v">Case Reports.</subfield></datafield><datafield ind1="1" ind2=" " tag="700"><subfield code="a">Moriates, Christopher,</subfield><subfield code="d">1982-</subfield><subfield code="e">editor.</subfield></datafield><datafield ind1="1" ind2=" " tag="700"><subfield code="a">Arora, Vineet,</subfield><subfield code="e">editor.</subfield></datafield><datafield ind1="1" ind2=" " tag="700"><subfield code="a">Shah, Neel</subfield><subfield code="c">(Obstetrician/Gynecologist),</subfield><subfield code="e">editor.</subfield></datafield><datafield ind1="4" ind2="0" tag="856"><subfield code="3">University of Alberta Access</subfield><subfield code="u">http://accessmedicine.mhmedical.com/book.aspx?bookID=1371</subfield><subfield code="z">(Unlimited Concurrent Users)</subfield></datafield><datafield ind1=" " ind2=" " tag="926"><subfield code="a">Internet Access</subfield><subfield code="w">LC</subfield><subfield code="c">1</subfield><subfield code="i">6861320-1001</subfield><subfield code="l">INTERNET</subfield><subfield code="m">UAINTERNET</subfield><subfield code="r">Y</subfield><subfield code="s">Y</subfield><subfield code="t">E-RESOURCE</subfield><subfield code="u">3/10/2015</subfield><subfield code="x">E-BOOK</subfield><subfield code="z">ACCESSMED</subfield></datafield></record>